<collection xmlns="http://www.loc.gov/MARC21/slim">
<record>
  <leader>01010nam0a22001931i 450 </leader>
  <controlfield tag="001">IT\ICCU\CNCE\058335</controlfield>
  <controlfield tag="005">20150610000000.0</controlfield>
  <datafield tag="100" ind1=" " ind2=" ">
    <subfield code="a">20040524d1599        0itac0103    ba</subfield>
  </datafield>
  <datafield tag="101" ind1=" " ind2=" ">
    <subfield code="a">ITA</subfield>
  </datafield>
  <datafield tag="102" ind1=" " ind2=" ">
    <subfield code="a">IT</subfield>
  </datafield>
  <datafield tag="200" ind1="1" ind2=" ">
    <subfield code="a">Sommario delle indulgenze concesse da Sisto quinto, et da diuersi altri pontefici alli frati minori, et dall&apos;istesso Sisto all&apos;archiconfraternit ̉de Cordigeri fondata nella chiesa di S. Francesco ad Assisi, concesse, et applicate per aggregatione alla Confraternit ̉dello istesso titolo eretta nella chiesa di S. Francesco de FF. minori conuentuali di Mondou</subfield>
  </datafield>
  <datafield tag="210" ind1=" " ind2=" ">
    <subfield code="a">In Mondou</subfield>
    <subfield code="c">per Gio. Vincenzo Caualleri</subfield>
    <subfield code="d">1599</subfield>
  </datafield>
  <datafield tag="215" ind1=" " ind2=" ">
    <subfield code="a">8ʻ</subfield>
  </datafield>
  <datafield tag="620" ind1=" " ind2=" ">
    <subfield code="a">IT</subfield>
    <subfield code="d">Mondov</subfield>
  </datafield>
  <datafield tag="710" ind1="0" ind2="2">
    <subfield code="a">Confraternita del Cordone di S. Francesco</subfield>
    <subfield code="c"> &lt;Mondov&gt;</subfield>
    <subfield code="3">18165</subfield>
  </datafield>
  <datafield tag="712" ind1="0" ind2="0">
    <subfield code="a">Cavalleri, Giovanni Vincenzo</subfield>
    <subfield code="3">IT\ICCU\CNCT\000895</subfield>
    <subfield code="4">650</subfield>
  </datafield>
  <datafield tag="791" ind1="0" ind2="0">
    <subfield code="a">Cavalerius, Ioannes Vincentius</subfield>
    <subfield code="3">IT\ICCU\CNCT\004565</subfield>
    <subfield code="z">Cavalleri, Giovanni Vincenzo</subfield>
  </datafield>
  <datafield tag="801" ind1=" " ind2="3">
    <subfield code="a">IT</subfield>
    <subfield code="b">ICCU</subfield>
    <subfield code="c">20201115</subfield>
  </datafield>
  <datafield tag="899" ind1=" " ind2=" ">
    <subfield code="a">Biblioteca Reale. Torino</subfield>
    <subfield code="z">MUTILO</subfield>
    <subfield code="1">TO0263</subfield>
    <subfield code="2">TO0 07</subfield>
  </datafield>
</record>
</collection>
